@phdthesis{Horadam-2015,
title = {Tree Actions associated with the Scale of an Automorphism of a Totally Disconnected Locally Compact Group},
author = {Horadam, Daniel},
type = {Doctoral dissertation},
year = {2015},
url = {https://nova.newcastle.edu.au}
}

@manual {SCSCPCLibrary,
   author       = {M. Gastineau},
   title        = {SCSCP C Library -
                   A C/C++ library for Symbolic Computation Software Composibility Protocol},
   organization = {IMCCE},
   edition      = {1.0.0},
   year         = {2013},
   month        = June,
   note         = {\url{https://www.imcce.fr/trip/scscp/}}
}